@book{gentrification,
  author = {Jessa Lingel},
  year = {2021},
  title = {The Gentrification of the Internet: How to Reclaim Our Digital Freedom},
  publisher = {University of California Press}
}

@book{ross,
  author = {Sheldon Ross},
  year = {2018},
  title = {A First Course in Probability},
  publisher = {Pearson},
  editor = {10th}
}


@dataset{acs,
    editor = {U.S. Census Bureau},
    year = {2020},
    title= {2014-2019 American Community Survey 5-year Summary Tables},
    url = {https://www.census.gov/data/developers/data-sets/acs-5year.2019.html}
}

@dataset{pums,
    editor = {U.S. Census Bureau},
    year = {2020},
    title= {2014-2019 American Community Survey 5-year Public Use Microdata Samples for Washington},
    publisher = {University of Washington Center for Social Science Computation and Research},
    url = {https://depts.washington.edu/csscr/acs/acs5yr/}
}

@article{algfair,
  title={Algorithmic Fairness},
  author={Dana Pessach and Erez Shmueli},
  journal={ArXiv},
  year={2020},
  volume={abs/2001.09784},
  url={https://arxiv.org/pdf/2001.09784.pdf}
}

@inbook{piech:fair,
  author = {Chris Piech},
  year = {2022},
  title = {Fairness in AI},
  booktitle = {Probability for Computer Scientists},
  url = {https://chrispiech.github.io/probabilityForComputerScientists/en/examples/fairness/}
}

@inbook{piech:prob,
  author = {Chris Piech},
  year = {2022},
  title = {Definition of Probability},
  booktitle = {Probability for Computer Scientists},
  url = {https://chrispiech.github.io/probabilityForComputerScientists/en/part1/probability/}
}

@inbook{piech:cond,
  author = {Chris Piech},
  year = {2022},
  title = {Definition of Probability},
  booktitle = {Probability for Computer Scientists},
  url = {https://chrispiech.github.io/probabilityForComputerScientists/en/part1/cond_prob/}
}

@inbook{piech:ind,
  author = {Chris Piech},
  year = {2022},
  title = {Independence},
  booktitle = {Probability for Computer Scientists},
  url = {https://chrispiech.github.io/probabilityForComputerScientists/en/part1/independence/}
}

@inbook{piech:and,
  author = {Chris Piech},
  year = {2022},
  title = {Probability of and},
  booktitle = {Probability for Computer Scientists},
  url = {https://chrispiech.github.io/probabilityForComputerScientists/en/part1/prob_and/}
}

@inbook{piech:total,
  author = {Chris Piech},
  year = {2022},
  title = {Law of Total Probability},
  booktitle = {Probability for Computer Scientists},
  url = {https://chrispiech.github.io/probabilityForComputerScientists/en/part1/law_total/}
}

@inbook{piech:bayes,
  author = {Chris Piech},
  year = {2022},
  title = {Bayes' Theorem},
  booktitle = {Probability for Computer Scientists},
  url = {https://chrispiech.github.io/probabilityForComputerScientists/en/part1/bayes_theorem/}
}

@inbook{piech:logistic,
  author = {Chris Piech},
  year = {2022},
  title = {Logistic Regression},
  booktitle = {Probability for Computer Scientists},
  url = {https://chrispiech.github.io/probabilityForComputerScientists/en/part5/log_regression/}
}

@online{effphil,
  author = {Stanford Center on Philanthropy and Civil Society},
  title = {The Stanford PACS Guide to Effective Philanthropy},
  year = {2020},
  url = {https://pacscenter.stanford.edu/research/effective-philanthropy-learning-initiative/donor-guide/}
}

@online{theorychange,
  author = {Center for Theory of Change},
  title = {What is Theory of Change?},
  year = {2021},
  url = {https://www.theoryofchange.org/what-is-theory-of-change/}
}

@misc{bayesodds,
  author        = {Jeremy Orloff and Jonathan Bloom},
  title         = {Bayesian Updating: Odds},
%   month         = {Spring},
  year          = {2014},
  type = {Lecture Notes},
  howpublished = {MIT Open Courseware, 18.05 Introduction to Probability and Statistics},
  url = {https://ocw.mit.edu/courses/18-05-introduction-to-probability-and-statistics-spring-2014/65200614be80c2c1efcd0f9f3db8c0e7_MIT18_05S14_Reading12b.pdf}
}

@misc{creel,
  author        = {Katie Creel},
  title         = {Fairness},
  month         = {March},
  year          = {2022},
  type = {Lecture Notes},
  howpublished = {Stanford CS109 Probability for Computer Scientists},
  url = {https://web.stanford.edu/class/archive/cs/cs109/cs109.1226/lectures/07_fairness.pdf}
}


@book{texbook,
  author = {Donald E. Knuth},
  year = {1986},
  title = {The {\TeX} Book},
  publisher = {Addison-Wesley Professional}
}

@book{latex:companion,
  author = {Frank Mittelbach and Michel Gossens
            and Johannes Braams and David Carlisle
            and Chris Rowley},
  year = {2004},
  title = {The {\LaTeX} Companion},
  publisher = {Addison-Wesley Professional},
  edition = {2}
}

@book{latex2e,
  author = {Leslie Lamport},
  year = {1994},
  title = {{\LaTeX}: a Document Preparation System},
  publisher = {Addison Wesley},
  address = {Massachusetts},
  edition = {2}
}

@article{knuth:1984,
  title={Literate Programming},
  author={Donald E. Knuth},
  journal={The Computer Journal},
  volume={27},
  number={2},
  pages={97--111},
  year={1984},
  publisher={Oxford University Press}
}

@inproceedings{lesk:1977,
  title={Computer Typesetting of Technical Journals on {UNIX}},
  author={Michael Lesk and Brian Kernighan},
  booktitle={Proceedings of American Federation of
             Information Processing Societies: 1977
             National Computer Conference},
  pages={879--888},
  year={1977},
  address={Dallas, Texas}
}